@article{example2,
  title = {Quantitative Determination of Co-Eluting Compounds by Using Extract Ion Chromatogram in GCâ€“MS},
  author={Chang Ji*, Jeffrey L. Dean, Rebecca A. Flores, and Susanne M. Boisvert},
  journal = {The Chemical Educator},
  year    = 2009,
  volume  = 14,
  number  = 1
}
